@book{knr,
	title		= "{The C Programming Language}",
	author		= "Brian Kerninghan and Dennis Ritchie",
	year		= "2014",
	edition		= "2",
	publisher	= "Prentice Hall Software Series",
	location	= "Westford, Massachusetts",
	ISBN		= "0-13-110362-8"
}
